@article{FerrisVoelker:2004,
	Author =   {M. Ferris and M. Voelker},
	Title =    {Fractionation in Radiation Treatment Planning},
	Journal =  {Mathematical Programming},
	Year =     {2004},
	Volume =   {101},
	Number =   {2},
	Pages =    {387--413}
}

@inProceedings{TervoNihtila:2005,
	Author =    {J. Tervo and M. Vauhkonen and E. Boman and P. Kokkonen and M. Nihtil{\"a}},
	Title =     {Optimal Control Model for Inverse Radiation Therapy Treatment Planning},
	Booktitle = {Proceedings of the 44th {IEEE} Conference on Decision and Control},
	Year =      {2005},
	Pages =     {1631--1637}
}

@article{ZerdaXing:2007,
	Author =   {A. de la Zerda and B. Armbruster and L. Xing},
	Title =    {Formulating Adaptive Radiation Therapy ({ART}) Treatment Planning into a Closed-Loop Control Framework},
	Journal =  {Physics in Medicine and Biology},
	Year =     {2007},
	Volume =   {52},
	Number =   {14},
	Pages =    {4137--4153}
}

@article{KimPhillips:2009,
	Author =   {M. Kim and A. Ghate and M. H. Phillips},
	Title =    {A {M}arkov Decision Process Approach to Temporal Modulation of Dose Fractions in Radiation Therapy Planning},
	Journal =  {Physics in Medicine and Biology},
	Year =     {2009},
	Volume =   {54},
	Number =   {14},
	Pages =    {4455--4476}
}

@article{KimPhillips:2012,
	Author =   {M. Kim and A. Ghate and M. H. Phillips},
	Title =    {A Stochastic Control Formalism for Dynamic Biologically Conformal Radiation Therapy},
	Journal =  {European Journal of Operational Research},
	Year =     {2012},
	Volume =   {219},
	Number =   {3},
	Pages =    {541--556}
}

@article{MizutaShirato:2012,
	Author =   {M. Mizuta and S. Takao and H. Date and N. Kishimoto and K. L. Sutherland and R. Onimaru and H. Shirato},
	Title =    {A Mathematical Study to Select Fractionation Regimen Based on Physical Dose Distribution and the Linear-Quadratic Model},
	Journal =  {International Journal of Radiation Oncology Biology Physics},
	Year =     {2012},
	Volume =   {84},
	Number =   {3},
	Pages =    {829--833}
}

@article{SirPollock:2012,
	Author =   {M. Y. Sir and M. A. Epelman and S. M. Pollock},
	Title =    {Stochastic Programming for Off-line Adaptive Radiotherapy},
	Journal =  {Annals of Operation Research},
	Year =     {2012},
	Volume =   {196},
	Number =   {1},
	Pages =    {767--797}
}

@article{UnkelbachZE:2013,
	Author =   {J. Unkelbach and C. Zeng and M. Engelsman},
	Title =    {Simultaneous Optimization of Dose Distributions and Fractionation Schemes in Particle Radiotherapy},
	Journal =  {Medical Physics},
	Year =     {2013},
	Volume =   {40},
	Number =   {9},
	Pages =    {091702}
}

@article{BortfeldRTU:2015,
	Author =   {T. Bortfeld and J. Ramakrishnan and J. N. Tsitsiklis and J. Unkelbach},
	Title =    {Optimization of Radiation Therapy Fractionation Schedules in the Presence of Tumor Repopulation},
	Journal =  {{INFORMS} Journal on Computing},
	Year =     {2015},
	Volume =   {27},
	Number =   {4},
	Pages =    {788--803}
}

@article{SaberianNormal:2016,
	Author =   {F. Saberian and A. Ghate and M. Kim},
	Title =    {Optimal Fractionation in Radiotherapy with Multiple Normal Tissues},
	Journal =  {Mathematical Medicine and Biology},
	Year =     {2016},
	Volume =   {33},
	Number =   {2},
	Pages =    {211--252}
}

@article{SaberianHypoxia:2016,
	Author =   {F. Saberian and A. Ghate and M. Kim},
	Title =    {A Theoretical Stochastic Control Framework for Adapting Radiotherapy to Hypoxia},
	Journal =  {Physics in Medicine and Biology},
	Year =     {2016},
	Volume =   {61},
	Number =   {19},
	Pages =    {7136}
}

@article{Glick:2017,
	Author =   {A. E. Glick and A. Mastroberardino},
	Title =    {An Optimal Control Approach for the Treatment of Solid Tumors with Angiogenesis Inhibitors},
	Journal =  {Mathematics},
	Year =     {2017},
	Volume =   {5},
	Number =   {4},
	Pages =    {1--14}
}

% Reviews
@article{BaileyHaddad:2005,
	Author =   {J. Bailey and W. Haddad},
	Title =    {Drug Dosing Control in Clinical Pharmacology},
	Journal =  {{IEEE} Control Systems},
	Year =     {2005},
	Volume =   {25},
	Number =   {2},
	Pages =    {35--51}
}

@article{Fowler:2010,
	Author =   {J. F. Fowler},
	Title =    {21 Years of Biologically Effective Dose},
	Journal =  {The British Journal of Radiology},
	Month =    {July},
	Year =     {2010},
	Volume =   {83},
	Number =   {991},
	Pages =    {554--568}
}

@article{MoulderSeymour:2018,
	Author =   {J. Moulder and C. Seymour},
	Title =    {Radiation Fractionation: The Search for Isoeffect Relationships and Mechanisms},
	Journal =  {International Journal of Radiation Biology},
	Year =     {2018},
	Volume =   {94},
	Number =   {8},
	Pages =    {743--751}
}

@book{HallGiaccia:2019,
	Author =    {E. J. Hall and A. J. Giaccia},
	Title =     {Radiobiology for the Radiologist},
	Publisher = {Wolters Kluwer},
	Year =      {2019}
}

% Convex optimization
@book{BoydVandenberghe:2004,
	Author =    {S. Boyd and L. Vandenberghe},
	Title =     {Convex Optimization},
	Publisher = {Cambridge University Press},
	Year =      {2004}
}

@book{NocedalWright:1999,
	Author = {J. Nocedal and S. J. Wright},
	Title = {Numerical Optimization},
	Publisher = {Springer-Verlag},
	Year = {1999}
}

@book{CamachoBordons:2007,
	Author =    {E. F. Camacho and C. Bordons},
	Title =     {Model Predictive Control},
	Publisher = {Springer-Verlag},
	Year =      {2007}
}

@article{YuilleRangarajan:2003,
	Author = {A. L. Yuille and A. Rangarajan},
	Title = {The Concave-Convex Procedure ({CCCP})},
	Journal = {Neural Computation},
	Year = {2003},
	Month = {April},
	Volume = {15},
	Number = {4},
	Pages = {915--936}
}

@article{SriperLanck:2009,
	Author = {B. K. Sriperumbudur and G. R. Lanckriet},
	Title = {On the Convergence of the Concave-Convex Procedure},
	Journal = {Advances in Neural Information Processing Systems},
	Pages = {1759--1767},
	Year = {2009}
}

@article{LippBoyd:2016,
	Author = {T. Lipp and S. Boyd},
	Title = {Variations and Extension of the Convex-Concave Procedure},
	Journal = {Optimization and Engineering},
	Year = {2016},
	Month = {June},
	Volume = {17},
	Number = {2},
	Pages = {263--287}
}

@article{ADMM,
	Author = {S. Boyd and N. Parikh and E. Chu and B. Peleato and J. Eckstein},
	Title = {Distributed Optimization and Statistical Learning via the Alternating Direction Method of Multipliers},
	Journal = {Foundations and Trends in Machine Learning},
	Year = {2010},
	Volume = {3},
	Number = {1},
	Pages = {1--122}
}

@article{DonoghueBoyd:2013,
	Author =    {B. O'Donoghue and G. Stathopoulos and S. Boyd},
	Title =     {A Splitting Method for Optimal Control},
	Journal =   {{IEEE} Transactions on Control Systems Technology},
	Year =      {2013},
	Month =     {November},
	Volume =    {21},
	Number =    {6},
	Pages =     {2432--2442}
}

@article{DiamondBoyd:2016,
	Author =    {S. Diamond and S. Boyd},
	Title =     {{CVXPY}: A {Python}-embedded Modeling Language for Convex Optimization},
	Journal =   {Journal of Machine Learning Research},
	Year =      {2016},
	Volume =    {17},
	Number =    {83},
	Pages =     {1--5}
}
